
@article{ ISI:000202788900013,
Author = {Kermack, WO and McKendrick, AG},
Title = {{Contribution to the mathematical theory of epidemics}},
Journal = {{PROCEEDINGS OF THE ROYAL SOCIETY OF LONDON SERIES A-CONTAINING PAPERS OF
   A MATHEMATICAL AND PHYSICAL CHARACTER}},
Year = {{1927}},
Volume = {{115}},
Number = {{772}},
Pages = {{700-721}},
Month = {{AUG}},
Publisher = {{ROYAL SOC}},
Address = {{6-9 CARLTON HOUSE TERRACE, LONDON SW1Y 5AG, ENGLAND}},
Type = {{Article}},
Language = {{English}},
DOI = {{10.1098/rspa.1927.0118}},
ISSN = {{0950-1207}},
Subject-Category = {{Science \& Technology - Other Topics}},
Web-of-Science-Category  = {{Multidisciplinary Sciences}},
Number-of-Cited-References = {{5}},
Times-Cited = {{1096}},
Journal-ISO = {{Proc. R. soc. Lond. Ser. A-Contain. Pap. Math. Phys. Character}},
Doc-Delivery-Number = {{V41GR}},
Unique-ID = {{ISI:000202788900013}},
}
